<?xml version="1.0" encoding="UTF-8"?><record xmlns="http://www.loc.gov/MARC21/slim" xmlns:cinclude="http://apache.org/cocoon/include/1.0" xmlns:zs="http://www.loc.gov/zing/srw/">
  <leader>00457nz  a2200133n  4500</leader>
  <controlfield tag="001">no2003081164</controlfield>
  <controlfield tag="003">DLC</controlfield>
  <controlfield tag="005">20030814052531.0</controlfield>
  <controlfield tag="008">030813n| acannaab           |n aaa     c</controlfield>
  <datafield tag="010" ind1=" " ind2=" ">
    <subfield code="a">no2003081164</subfield>
  </datafield>
  <datafield tag="035" ind1=" " ind2=" ">
    <subfield code="a">(OCoLC)oca06125735</subfield>
  </datafield>
  <datafield tag="040" ind1=" " ind2=" ">
    <subfield code="a">NjP</subfield>
    <subfield code="b">eng</subfield>
    <subfield code="c">NjP</subfield>
  </datafield>
  <datafield tag="100" ind1="1" ind2=" ">
    <subfield code="a">Niedermaier, Klaus,</subfield>
    <subfield code="d">1931-1997</subfield>
  </datafield>
  <datafield tag="670" ind1=" " ind2=" ">
    <subfield code="a">HundertbuĚcheln, c1999:</subfield>
    <subfield code="b">t.p. (Klaus Niedermaier) p. 10 (b. 1931, d. 1997; one-time director of an agricultural research institute in SiebenbuĚrgen)</subfield>
  </datafield>
</record>